@article{ATLAS,
  author = {{The ATLAS Collaboration}},
  title = {Evidence for higgs boson decays to tau+tau- final
  state with the atlas detector},
  journal = {Tech. Rep. ATLAS-CONF-2013-108},
  year = {November 2013},
  note = {http://cds.cern.ch/record/1632191}
 }

@article{documentation,
   author = {Claire Adam-Bourdarios and Glen Cowan and CÃ©cile Germain and Isabelle Guyon and
   Balazs Kegl and David Rousseau},
   title = {Learning to discover: the Higgs
boson machine learning challenge},
   journal = {Documentation v1.8},
   year = {July 2014},
  note = {https://higgsml.lal.in2p3.fr/files/2014/04/documentation\_v1.8.pdf}
}

@Unpublished{2sigma,
  author = 		 {Andrew Gelman},
  title = 		 {Scaling regression inputs by dividing by two standard deviations},
  note = 		 {Department of Statistics and Department of Political Science, Columbia University, New York, NY, U.S.A.},
  year = 	 2008}

@article{bottou,
 author = {L\'{e}eon Bottou},
 title = {Stochastic Gradient Descent Tricks},
 year = {2012},
 note = {http://leon.bottou.org}
}

@Unpublished{ML_Advice,
 author =  {Andrew Ng},
 title =   {Advice for applying Machine Learning},
 note =    {Standford University}

}
@article{poolsawad2011feature,
 title={Feature Selection Approaches with Missing Values Handling for Data Mining-A Case Study of Heart Failure Dataset},
 author={Poolsawad, N and Kambhampati, C and Cleland, JGF},
 journal={World Academy of Science, Engineering and Technology},
 volume={60},
 pages={828--837},
 year={2011}

}
@inproceedings{kohavi1995study,
 title={A study of cross-validation and bootstrap for accuracy estimation and model selection},
 author={Kohavi, Ron and others},
 booktitle={Ijcai},
 volume={14},
 number={2},
 pages={1137--1145},
 year={1995}
}
